<?xml version="1.0" encoding="UTF-8"?>
<record xmlns="http://www.loc.gov/MARC21/slim">
  <leader>03468ntm a22003857a 4500</leader>
  <controlfield tag="001">3760392</controlfield>
  <controlfield tag="005">20111210005400.0</controlfield>
  <controlfield tag="008">090115s1867    xx            000 i eng d</controlfield>
  <datafield tag="033" ind1="0" ind2="0">
    <subfield code="a">18670531</subfield>
  </datafield>
  <datafield tag="040" ind1=" " ind2=" ">
    <subfield code="a">BRL</subfield>
  </datafield>
  <datafield tag="099" ind1=" " ind2=" ">
    <subfield code="a">Ms.A.1.1 v.7, p.42A</subfield>
  </datafield>
  <datafield tag="100" ind1="1" ind2=" ">
    <subfield code="a">Garrison, William Lloyd,</subfield>
    <subfield code="d">1805-1879.</subfield>
  </datafield>
  <datafield tag="245" ind1="1" ind2="0">
    <subfield code="a">[Letter to] Dear Wife</subfield>
    <subfield code="h">[manuscript].</subfield>
  </datafield>
  <datafield tag="260" ind1=" " ind2=" ">
    <subfield code="a">Paris, [France],</subfield>
    <subfield code="c">May 31, 1867.</subfield>
  </datafield>
  <datafield tag="300" ind1=" " ind2=" ">
    <subfield code="a">1 leaf (6 p.) ;</subfield>
    <subfield code="c">8 1/4 x 5 7/8 in.</subfield>
  </datafield>
  <datafield tag="500" ind1=" " ind2=" ">
    <subfield code="a">Holograph, signed with initials.</subfield>
  </datafield>
  <datafield tag="500" ind1=" " ind2=" ">
    <subfield code="a">William Lloyd Garrison tells of his travels. He was amazed at &quot;the vast and astonishing variety of things to be seen at the [Paris] Exposition. ...The poorest display is made by our own country; for, excepting half a dozen creditable paintings, and one or two locomotives, and some agricultural implements, there is nothing worth looking at. Indeed, it is useless for the United States to attempt to compete with the old world in anything but our free institutions and the general condition of the people. Ultimately, we shall be able in all things to take perhaps the highest rank.&quot; Henry Villard neither drinks or smokes. Henry Villard &quot;has had one or two attacks of neuralgic headache, but these have been short, and comparatively slight.&quot; Henry Villard has written letters to the Chicago Tribune, but very few of them have been printed. Fanny Garrison Villard has not been changed in any way by her marriage or European residence. William L. Garrison met Senator Doolittle, who was traveling to Russia. Sarah Remond called on Garrison. George Thompson&apos;s son Herbert died. Garrison has not seen Napoleon III. He says: &quot;Nearly all the crowned heads of Europe are soon to be here [in Paris], including the king of Prussia, with the redoubtable Count Bismark, and several oriental grandees and rulers.&quot; There are special entertainments planned for the royals. Very few French people observe the Sabbath by attending church. In fact, people work or play on the Sabbath and are &quot;more given to amusement and recreation.&quot;</subfield>
  </datafield>
  <datafield tag="500" ind1=" " ind2=" ">
    <subfield code="a">On page six of this manuscript, there is a separate note from Francis Jackson Garrison to Helen Eliza Garrison. He explains that William Lloyd Garrison had to leave suddenly to start on a trip to the other side of the city, and he asked Francis Jackson Garrison to complete the letter. He says that William Lloyd Garrison is looking and feeling much better than when he left home. William L. Garrison, Francis J. Garrison, and Fanny G. Villard will probably leave Paris in two weeks to go to London; Henry Villard will remain in Paris.</subfield>
  </datafield>
  <datafield tag="510" ind1="4" ind2=" ">
    <subfield code="a">Merrill, Walter M. Letters of William Lloyd Garrison,</subfield>
    <subfield code="c">v.5, no.202.</subfield>
  </datafield>
  <datafield tag="600" ind1="1" ind2="0">
    <subfield code="a">Garrison, William Lloyd,</subfield>
    <subfield code="d">1805-1879</subfield>
    <subfield code="v">Correspondence.</subfield>
  </datafield>
  <datafield tag="600" ind1="1" ind2="0">
    <subfield code="a">Garrison, Helen Eliza,</subfield>
    <subfield code="d">1811-1876</subfield>
    <subfield code="v">Correspondence.</subfield>
  </datafield>
  <datafield tag="600" ind1="1" ind2="0">
    <subfield code="a">Doolittle, James R.</subfield>
    <subfield code="q">(James Rood),</subfield>
    <subfield code="d">1815-1897.</subfield>
  </datafield>
  <datafield tag="600" ind1="1" ind2="0">
    <subfield code="a">Remond, Sarah Parker,</subfield>
    <subfield code="d">1826-1887?</subfield>
  </datafield>
  <datafield tag="600" ind1="1" ind2="0">
    <subfield code="a">Thompson, George,</subfield>
    <subfield code="d">1804-1878.</subfield>
  </datafield>
  <datafield tag="600" ind1="1" ind2="0">
    <subfield code="a">Villard, Fanny Garrison,</subfield>
    <subfield code="d">1844-1928.</subfield>
  </datafield>
  <datafield tag="600" ind1="1" ind2="0">
    <subfield code="a">Villard, Henry,</subfield>
    <subfield code="d">1835-1900.</subfield>
  </datafield>
  <datafield tag="611" ind1="2" ind2="0">
    <subfield code="a">Exposition universelle de 1867 à Paris.</subfield>
  </datafield>
  <datafield tag="650" ind1=" " ind2="0">
    <subfield code="a">Sabbath.</subfield>
  </datafield>
  <datafield tag="650" ind1=" " ind2="0">
    <subfield code="a">Antislavery movements</subfield>
    <subfield code="z">United States</subfield>
    <subfield code="x">History</subfield>
    <subfield code="y">19th century.</subfield>
  </datafield>
  <datafield tag="650" ind1=" " ind2="0">
    <subfield code="a">Abolitionists</subfield>
    <subfield code="z">United States</subfield>
    <subfield code="y">19th century</subfield>
    <subfield code="v">Correspondence.</subfield>
  </datafield>
  <datafield tag="655" ind1=" " ind2="0">
    <subfield code="a">Letters.</subfield>
  </datafield>
  <datafield tag="655" ind1=" " ind2="0">
    <subfield code="a">Manuscripts.</subfield>
  </datafield>
  <datafield tag="700" ind1="1" ind2=" ">
    <subfield code="a">Garrison, Helen Eliza,</subfield>
    <subfield code="d">1811-1876,</subfield>
    <subfield code="e">recipient.</subfield>
  </datafield>
  <datafield tag="830" ind1=" " ind2="0">
    <subfield code="a">William Lloyd Garrison Correspondence (1823-1879)</subfield>
  </datafield>
  <datafield tag="999" ind1=" " ind2=" ">
    <subfield code="a">shots: 6</subfield>
  </datafield>
</record>
